@inproceedings{norouzi2011minimal,
  title={Minimal Loss Hashing for Compact Binary Codes},
  author={Norouzi, M. and Fleet, D.J.},
  booktitle={ICML},
  year={2011}
}

@inproceedings{wang2010sequential,
  title={Sequential projection learning for hashing with compact codes},
  author={Wang, J. and Kumar, S. and Chang, S.F.},
  booktitle={ICML},
  year={2010}
}

@inproceedings{kulis2009learning,
  title={Learning to hash with binary reconstructive embeddings},
  author={Kulis, B. and Darrell, T.},
  booktitle={NIPS},
  year={2009}
}

@inproceedings{xu2011complementary,
  title={Complementary Hashing for Approximate Nearest Neighbor Search},
  author={Xu, Hao and Wang, Jingdong and Li, Zhu and Zeng, Gang and Li, Shipeng and Yu, Nenghai},
  booktitle={ICCV},  
  year={2011}
}

@article{matsushita2009principal,
  title={Principal component hashing: An accelerated approximate nearest neighbor search},
  author={Matsushita, Y. and Wada, T.},
  journal={Advances in Image and Video Technology},
  pages={374--385},
  year={2009},
  publisher={Springer}
}

@inproceedings{zhang2011composite,
  title={Composite hashing with multiple information sources},
  author={Zhang, D. and Wang, F. and Si, L.},
  booktitle={Proceedings of the 34th international ACM SIGIR conference on Research and development in Information},
  pages={225--234},
  year={2011},
  organization={ACM}
}

@inproceedings{weiss2008spectral,
  title={Spectral hashing},
  author={Weiss, Y. and Torralba, A. and Fergus, R.},
  year={2008},
  booktitle={NIPS}
}

@inproceedings{gionis1999similarity,
  title={Similarity search in high dimensions via hashing},
  author={Gionis, A. and Indyk, P. and Motwani, R.},
  booktitle={Proceedings of the International Conference on Very Large Data Bases},
  pages={518--529},
  year={1999}
}

@inproceedings{andoni2006near,
  title={Near-optimal hashing algorithms for approximate nearest neighbor in high dimensions},
  author={Andoni, A. and Indyk, P.},
  booktitle={Foundations of Computer Science, 2006. FOCS'06. 47th Annual IEEE Symposium on},
  pages={459--468},
  year={2006},
  organization={Ieee}
}

@article{salakhutdinov2007semantic,
  title={Semantic hashing},
  author={Salakhutdinov, R. and Hinton, G.},
  journal={RBM},
  volume={500},
  number={3},
  pages={500},
  year={2007}
}

@inproceedings{weinberger2006distance,
  title={Distance metric learning for large margin nearest neighbor classification},
  author={Weinberger, K.Q. and Blitzer, J. and Saul, L.K.},
  booktitle={NIPS},
  year={2006}
}

@inproceedings{weinberger2008fast,
  title={Fast solvers and efficient implementations for distance metric learning},
  author={Weinberger, K.Q. and Saul, L.K.},
  booktitle={ICML},
  year={2008}
}

@article{jain2010hashing,
  title={Hashing Hyperplane Queries to Near Points with Applications to Large-Scale Active Learning},
  author={Jain, P. and Vijayanarasimhan, S. and Grauman, K.},
  journal={NIPS},
  year={2010}
}

@inproceedings{dasgupta2008hierarchical,
  title={Hierarchical sampling for active learning},
  author={Dasgupta, S. and Hsu, D.},
  booktitle={ICML},
  pages={208--215},
  year={2008}
}

@inproceedings{jain2009active,
  title={Active learning for large multi-class problems},
  author={Jain, P. and Kapoor, A.},
  booktitle={CVPR},
  pages={762--769},
  year={2009},
}

@inproceedings{davis2007information,
  title={Information-theoretic metric learning},
  author={Davis, J.V. and Kulis, B. and Jain, P. and Sra, S. and Dhillon, I.S.},
  booktitle={ICML},
  year={2007}
}

@inproceedings{motwani2006lower,
  title={Lower bounds on locality sensitive hashing},
  author={Motwani, R. and Naor, A. and Panigrahi, R.},
  booktitle={Proc. symp on Computational geometry},
  year={2006},
  organization={ACM}
}

@inproceedings{sawade10,
  author    = {Christoph Sawade and
               Niels Landwehr and
               Steffen Bickel and
               Tobias Scheffer},
  title     = {Active Risk Estimation},
  booktitle = {ICML},
  year      = {2010}
}

@inproceedings{druck11,
  author    = {Gregory Druck and
               Andrew McCallum},
  title     = {Toward interactive training and evaluation},
  booktitle = {CIKM},
  year      = {2011}
}

@inproceedings{bennett10,
  author    = {Paul N. Bennett and
               Vitor R. Carvalho},
  title     = {Online stratified sampling: evaluating classifiers at web-scale},
  booktitle = {CIKM},
  year      = {2010}
}

@Book{cochran77,
  author = 	 {William G. Cochran},
  title = 	 {Sampling Techniques},
  publisher = 	 {Wiley},
  year = 	 1977,
  edition = 	 {Third}
}
o
@inproceedings{yu2009learning,
  title={Learning structural SVMs with latent variables},
  author={Yu, C.N.J. and Joachims, T.},
  booktitle={Proceedings of the 26th Annual International Conference on Machine Learning},
  pages={1169--1176},
  year={2009},
  organization={ACM}
}

@article{licomparing,
  title={Comparing b-Bit Minwise Hashing with Sign (1-bit) Random Projections},
  author={Li, P. and K{\"o}nig, A.C.}
}

@inproceedings{li2010bbit,
  author    = {Ping Li and
               Arnd Christian K{\"o}nig},
  title     = {b-Bit minwise hashing},
  booktitle = {WWW},
  year      = {2010}
}

@proceedings{DBLP:conf/www/2010,
  editor    = {Michael Rappa and
               Paul Jones and
               Juliana Freire and
               Soumen Chakrabarti},
  title     = {Proceedings of the 19th International Conference on World
               Wide Web, WWW 2010, Raleigh, North Carolina, USA, April
               26-30, 2010},
  booktitle = {WWW},
  publisher = {ACM},
  year      = {2010},
  isbn      = {978-1-60558-799-8},
  bibsource = {DBLP, http://dblp.uni-trier.de}
}
